@article{shneiderman,
  title={Designing the user interface 4th edition},
  author={Shneiderman, Ben and Plaisant, Catherine},
  journal={Pearson Addison Wesley, USA},
  year={2005},
  isbn={0-321-19786-0}
}
@article{sebastiani,
  title={Designing the user interface 4th edition},
  author={Sebastiano, Fabrizio},
  journal={Pearson Addison Wesley, USA},
  year={2005},
  isbn={0-321-19786-0}
}
